@book{anton2010calculus,
	title={Calculus: Early Transcendentals},
	author={Anton, Howard and Bivens, Irl and Davis, Stephen and Polaski, Thomas},
	year={2010},
	publisher={Wiley Hoboken, NJ}
}